%% Keep references consistent.
%%
%% Ensure that all entries use the same abbreviations for venues.
%%
%% Remove irrelevant information (pages, publisher address, and location, for
%%  instance, are no longer useful.)
%%

@misc{Intel-SDM2025,
  author = {Intel Corporation},
  title = {Intel\textsuperscript{\tiny\textregistered} 64 and IA-32 Architectures Software Developer's Manual},
  howpublished = {\url{https://software.intel.com/content/dam/www/public/us/en/documents/manuals/64-ia-32-architectures-software-developers-manual.pdf}},
  year = {2025},
  note = {Includes  all four volumes of the Intel 64 and IA-32 Architectures Software Developer's Manual: Basic Architecture, Order Number 253665; Instruction Set Reference A-Z, Order
		  Number 325383; System Programming Guide, Order Number 325384; Model-Specific Registers, Order Number 335592.},
}

@misc{hyperdbg-transparency,
  author = {HyperDbg},
  howpublished = {\url{https://research.hyperdbg.org/assets/documents/vm-exit-transparency.pdf}},
  title = {VM-exit Transparency in HyperDbg},
  year = {2022}
}

@inproceedings{karvandi2022hyperdbg,
  title={HyperDbg: Reinventing Hardware-Assisted Debugging},
  author={Karvandi, Mohammad Sina and Gholamrezaei, MohammadHosein and Khalaj Monfared, Saleh and Meghdadizanjani, Soroush and Abbassi, Behrooz and Amini, Ali and Mortazavi, Reza and Gorgin, Saeid and Rahmati, Dara and Schwarz, Michael},
  booktitle={Proceedings of the 2022 ACM SIGSAC Conference on Computer and Communications Security},
  pages={1709--1723},
  year={2022}
}

@inproceedings{hypervisor-detection-timing-attacks,
  author = {Daniele Cono D'Elia},
  eventtitle = {Black Hat Europe},
  booktitle = {Black Hat Europe Briefings},
  title = {My Ticks Don't Lie: New Timing Attacks for Hypervisor Detection},
  year = {2020}
}

@misc{windows-vbs,
  author       = {Microsoft},
  title        = {Virtualization-based security (VBS)},
  year         = {2025},
  howpublished = {\url{https://learn.microsoft.com/en-us/windows-hardware/design/device-experiences/oem-vbs}},
  note         = {Accessed: 2025-06-03}
}

@misc{j00ruSyscalls,
  author       = {Mateusz Jurczyk},
  title        = {Windows x64 system call table},
  year         = {2025},
  howpublished = {\url{https://j00ru.vexillium.org/syscalls/nt/64/}},
  note         = {Accessed: 2025-06-03}
}

@misc{microsoft_hv_interface_reqs,
  author = {Microsoft},
  howpublished = {https://learn.microsoft.com/en-us/virtualization/hyper-v-on-windows/tlfs/tlfs},
  title = {Requirements for Implementing the Microsoft Hypervisor Interface},
  year = {2012}
}

@misc{scyllahide,
  author = {ScyllaHide},
  howpublished = {https://github.com/x64dbg/ScyllaHide},
  title = {ScyllaHide},
  note = {Advanced usermode anti-anti-debugger.},
  year = {2025}
}

@misc{vmaware,
  author = {kernelwernel},
  howpublished = {https://github.com/kernelwernel/VMAware},
  title = {VMAware},
  note = {VM detection library and tool.}
}

@misc{al-khaser,
  author = {Matthijs Lavrijsen, Graham Sutherland, hfiref0x},
  howpublished = {https://github.com/ayoubfaouzi/al-khaser},
  title = {Al-khaser},
  note = {Advanced usermode anti-anti-debugger.}
}

@misc{pafish,
  author = {Alberto Ortega},
  howpublished = {https://github.com/a0rtega/pafish},
  title = {Pafish},
  note = {Pafish is a testing tool that uses different techniques to detect virtual machines and malware analysis environments in the same way that malware families do.}
}

@misc{ntdll-lib,
  author = {Geoff Chappell},
  howpublished = {https://www.geoffchappell.com/studies/windows/win32/ntdll/api/index.htm},
  title = {NTDLL Exports },
  year = {2023}
}

@misc{hyperdbg,
  author = {HyperDbg},
  howpublished = {https://github.com/HyperDbg/HyperDbg},
  title = {State-of-the-art native debugging tools},
  year = {2025}
}

@article{10.1109/TIFS.2020.2976559,
author = {D'Elia, Daniele Cono and Coppa, Emilio and Palmaro, Federico and Cavallaro, Lorenzo},
title = {On the Dissection of Evasive Malware},
year = {2020},
publisher = {IEEE Press},
volume = {15},
issn = {1556-6013},
url = {https://doi.org/10.1109/TIFS.2020.2976559},
doi = {10.1109/TIFS.2020.2976559},
journal = {Trans. Info. For. Sec.},
month = jan,
pages = {2750-2765},
}

@article{graeber2015abusing,
  title={Abusing windows management instrumentation (wmi) to build a persistent, asyncronous, and fileless backdoor},
  author={Graeber, Matt},
  journal={Black Hat. Las Vegas, NV, USA},
  year={2015}
}

@misc{wmi-structure,
  author = {Microsoft},
  howpublished = {https://learn.microsoft.com/en-us/windows/win32/wmisdk/wmi-architecture},
  title = {WMI Architecture},
  year = {2021}
}

@article{rutkowska2006introducing,
  title={Introducing Blue Pill},
  author={Rutkowska, Joanna},
  journal={The official blog of the invisiblethings. org},
  volume={22},
  pages={23},
  year={2006}
}

@inproceedings{ether,
author = {Dinaburg, Artem and Royal, Paul and Sharif, Monirul and Lee, Wenke},
title = {Ether: malware analysis via hardware virtualization extensions},
year = {2008},
publisher = {Association for Computing Machinery},
url = {https://doi.org/10.1145/1455770.1455779},
doi = {10.1145/1455770.1455779},
booktitle = {Proceedings of the 15th ACM Conference on Computer and Communications Security},
pages = {51-62},
location = {Alexandria, Virginia, USA},
series = {CCS '08}
}

@inproceedings{n-eteher,
author = {P\'{e}k, G\'{a}bor and Bencs\'{a}th, Boldizs\'{a}r and Butty\'{a}n, Levente},
title = {nEther: in-guest detection of out-of-the-guest malware analyzers},
year = {2011},
publisher = {Association for Computing Machinery},
url = {https://doi.org/10.1145/1972551.1972554},
booktitle = {Proceedings of the Fourth European Workshop on System Security},
articleno = {3},
location = {Salzburg, Austria},
series = {EUROSEC '11}
}

@inproceedings{apate,
author = {Shi, Hao and Mirkovic, Jelena},
title = {Hiding debuggers from malware with apate},
year = {2017},
publisher = {Association for Computing Machinery},
address = {New York, NY, USA},
url = {https://doi.org/10.1145/3019612.3019791},
booktitle = {Proceedings of the Symposium on Applied Computing},
pages = {1703-1710},
location = {Marrakech, Morocco},
series = {SAC '17}
}

@INPROCEEDINGS{1624022,
  author={King, S.T. and Chen, P.M.},
  booktitle={2006 IEEE Symposium on Security and Privacy (S\&P'06)}, 
  title={SubVirt: implementing malware with virtual machines}, 
  year={2006},
  volume={},
  number={},
  pages={14-327},
  doi={10.1109/SP.2006.38}}


@article{stealthy-hv-detection,
author = {Korkin, Igor},
year = {2015},
title = {Two Challenges of Stealthy Hypervisors Detection: Time Cheating and Data Fluctuations},
journal = {Journal of Digital Forensics, Security and Law}
}

@inproceedings{brengel2016detecting,
  title={Detecting hardware-assisted virtualization},
  author={Brengel, Michael and Backes, Michael and Rossow, Christian},
  booktitle={Detection of Intrusions and Malware, and Vulnerability Assessment: 13th International Conference, DIMVA 2016, San Sebasti{\'a}n, Spain, July 7-8, 2016, Proceedings 13},
  pages={207--227},
  year={2016},
  organization={Springer}
}

@article{Leon2021,
  author = {Leon, Roee S. and Kiperberg, Michael and Leon Zabag, Anat Anatey and Zaidenberg, Nezer Jacob},
  title = {Hypervisor-assisted dynamic malware analysis},
  journal = {Cybersecurity},
  volume = {4},
  pages = {19},
  year = {2021},
  doi = {10.1186/s42400-021-00083-9},
  url = {https://doi.org/10.1186/s42400-021-00083-9}
}

@inproceedings{10.1145/2245276.2232070,
author = {Oyama, Yoshihiro and Giang, Tran Truong Duc and Chubachi, Yosuke and Shinagawa, Takahiro and Kato, Kazuhiko},
title = {Detecting malware signatures in a thin hypervisor},
year = {2012},
publisher = {Association for Computing Machinery},
address = {New York, NY, USA},
url = {https://doi.org/10.1145/2245276.2232070},
booktitle = {Proceedings of the 27th Annual ACM Symposium on Applied Computing},
pages = {1807-1814},
numpages = {8},
location = {Trento, Italy},
series = {SAC '12}
}

%%
%%
%%

@misc{secartifacts,
	howpublished = {\url{https://secartifacts.github.io}},
	title = {Security Research Artifacts}
}
